@www{BattlesnakeDoc,
AUTHOR="Battlesnake Inc",
TITLE="Battlesnake Documentation",
YEAR="2020",
howpublished = "\url{https://docs.battlesnake.com/}",
note = "[Online; accessed 1-April-2020]"
}

% use url and addendum?
@www{AlphaGoZeroPaper,
AUTHOR="David Silver, Julian Schrittwieser, Karen Simonyan",
JOURNAL="Nature",
NUMER="550",
TITLE="Mastering the game of Go without human knowledge",
YEAR="2017",
howpublished = "\url{https://www.nature.com/articles/nature24270}",
note = "[Online; accessed 1-April-2020]"
}

% Klambauer, G., Unterthiner, T., Mayr, A., & Hochreiter, S.
@www{SeluPaper,
AUTHOR="Klambauer",
TITLE="Self-Normalizing Neural Networks",
YEAR="2017",
howpublished = "\url{https://arxiv.org/pdf/1706.02515.pdf}",
note = "[Online; accessed 1-April-2020]"
}
